<?xml version="1.0" encoding="UTF-8"?><collection xmlns="http://www.loc.gov/MARC21/slim"><record><leader>00467nam--2200169-i-4500</leader><controlfield tag="001">000021058</controlfield><controlfield tag="002">20161230</controlfield><controlfield tag="005">20161230201034</controlfield><controlfield tag="008">060222s1000------------r-----000-0-eng-d</controlfield><datafield ind1=" " ind2=" " tag="040"><subfield code="a">IFIN-HH</subfield></datafield><datafield ind1=" " ind2=" " tag="080"><subfield code="a">538.73</subfield></datafield><datafield ind1="1" ind2=" " tag="100"><subfield code="a">James, R.W</subfield></datafield><datafield ind1="1" ind2="0" tag="245"><subfield code="a">X-ray crystallography</subfield><subfield code="b">With a general preface by o.w. richardson</subfield><subfield code="c">R.w. james</subfield></datafield><datafield ind1=" " ind2=" " tag="260"><subfield code="a">London</subfield><subfield code="b">Methuen &amp; Co, Ltd</subfield><subfield code="c">1953</subfield></datafield><datafield ind1=" " ind2=" " tag="300"><subfield code="a">X + 101P.CU DIAGR</subfield></datafield><datafield ind1=" " ind2=" " tag="852"><subfield code="a">10118</subfield><subfield code="c">537.531</subfield></datafield><datafield ind1=" " ind2=" " tag="CAT"><subfield code="a">Sys</subfield><subfield code="c">20110808</subfield><subfield code="h">115145</subfield></datafield></record></collection>